@misc{Accuweather,
  author       = {AccuWeather},
  organization = {AccuWeather},
  title        = {AccuWeather website},
  url          = {https://www.accuweather.com/it/it/bologna/212979/air-quality-index/212979},
  year         = {2025}
}

@misc{EuropeanEnvironmentAgency,
  author       = {European Environment Agency},
  organization = {European Environment Agency},
  title        = {European Environment Agency},
  url          = {https://www.eea.europa.eu/highlights/european-air-quality-index-current},
  year         = {2025}
}

@misc{EuropeanEnvironmentAgencyAirPollution,
  author       = {European Environment Agency},
  organization = {European Environment Agency},
  title        = {Air pollution},
  url          = {https://www.eea.europa.eu/en/topics/in-depth/air-pollution},
  year         = {2025}
}

@misc{EuropeanAirQualityIndex,
  author       = {European Environment Agency},
  organization = {European Environment Agency},
  title        = {European air quality index.},
  url          = {https://airindex.eea.europa.eu/Map/AQI/Viewer/},
  year         = {2025}
}

@misc{EuropeanAirQualityMapAndCharts,
  author       = {European Environment Agency},
  organization = {European Environment Agency},
  title        = {European air quality index, map and charts },
  url          = {https://www.eea.europa.eu/en/analysis/maps-and-charts/index},
  year         = {2025}
}

@misc{GoogleMapsAirQuality2024,
  author       = {Google},
  title        = {Visualizzare le informazioni sulla qualit√† dell'aria in Google Maps},
  url          = {https://support.google.com/maps/answer/11270845?hl=it},
  year         = {2025},
  organization = {Google LLC}
}
